[
    {
        "date": "3Q22",
        "AutomotiveSalesRev": 17785,
        "AutomotiveRegulatoryCreditsRev": 286,
        "AutomotiveLeasingRev": 621,
        "TotalAutomotiveRevenueRev": 18692,
        "EnergyGenerationAndStorageRev": 1117,
        "ServicesAndOtherRef": 1645,
        "TotalRevenues": 21454,
        "AutomotiveSalesCost": 13099,
        "AutomotiveLeasingCost": 381,
        "TotalAutomotiveCostOfRevenues": 13480,
        "EnergyGenerationAndStorageCost": 1013,
        "ServicesAndOtherCost": 1579,
        "TotalCostOfRevenues": 16072,
        "GrossProfit": 5382,
        "ResearchAdnDevelopment": 733,
        "SG&A": 961,
        "RestructuringAndOther": 0,
        "TotalOperatingExpense": 1694,
        "IncomeFromOperations": 3688,
        "InterestIncome": 86,
        "InterestExpense": -53,
        "OtherIncomeNet": -85,
        "IncomeBeforeIncomeTaxes": 3636,
        "ProvisionForIncomeTaxes": 305,
        "NetIncome": 3331,
        "NetIncomeAttributableToInterests": 39,
        "NetIncomeAttributableToCommonStockholders": 3292,
        "NetIncomePerShareBasic": 1.05,
        "NetIncomePerShareDiluted": 0.95,
        "WeightedAverageSharesBasic": 3146,
        "WeightedAverageSharesDiluted": 3468

    },
    {
        "date": "2Q22",
        "AutomotiveSalesRev": 13670,
        "AutomotiveRegulatoryCreditsRev": 344,
        "AutomotiveLeasingRev": 588,
        "TotalAutomotiveRevenueRev": 14602,
        "EnergyGenerationAndStorageRev": 866,
        "ServicesAndOtherRef": 1466,
        "TotalRevenues": 16934,
        "AutomotiveSalesCost": 10153,
        "AutomotiveLeasingCost": 368,
        "TotalAutomotiveCostOfRevenues": 10521,
        "EnergyGenerationAndStorageCost": 769,
        "ServicesAndOtherCost": 1410,
        "TotalCostOfRevenues": 12700,
        "GrossProfit": 4234,
        "ResearchAdnDevelopment": 667,
        "SG&A": 961,
        "RestructuringAndOther": 142,
        "TotalOperatingExpense": 1770,
        "IncomeFromOperations": 2464,
        "InterestIncome": 26,
        "InterestExpense": -44,
        "OtherIncomeNet": 28,
        "IncomeBeforeIncomeTaxes": 2474,
        "ProvisionForIncomeTaxes": 205,
        "NetIncome": 2269,
        "NetIncomeAttributableToInterests": 10,
        "NetIncomeAttributableToCommonStockholders": 2259,
        "NetIncomePerShareBasic": 0.73,
        "NetIncomePerShareDiluted": 0.65,
        "WeightedAverageSharesBasic": 3111,
        "WeightedAverageSharesDiluted": 3464

    },
    {
        "date": "1Q22",
        "AutomotiveSalesRev": 15514,
        "AutomotiveRegulatoryCreditsRev": 679,
        "AutomotiveLeasingRev": 668,
        "TotalAutomotiveRevenueRev": 16861,
        "EnergyGenerationAndStorageRev": 616,
        "ServicesAndOtherRef": 1279,
        "TotalRevenues": 18756,
        "AutomotiveSalesCost": 10914,
        "AutomotiveLeasingCost": 408,
        "TotalAutomotiveCostOfRevenues": 11322,
        "EnergyGenerationAndStorageCost": 688,
        "ServicesAndOtherCost": 1286,
        "TotalCostOfRevenues": 13296,
        "GrossProfit": 5460,
        "ResearchAdnDevelopment": 865,
        "SG&A": 992,
        "RestructuringAndOther": 0,
        "TotalOperatingExpense": 1857,
        "IncomeFromOperations": 3603,
        "InterestIncome": 28,
        "InterestExpense": 61,
        "OtherIncomeNet": 56,
        "IncomeBeforeIncomeTaxes": 3626,
        "ProvisionForIncomeTaxes": 346,
        "NetIncome": 3280,
        "NetIncomeAttributableToInterests": -38,
        "NetIncomeAttributableToCommonStockholders": 3318,
        "NetIncomePerShareBasic": 1.07,
        "NetIncomePerShareDiluted": 0.95,
        "WeightedAverageSharesBasic": 3103,
        "WeightedAverageSharesDiluted": 3472

    },
    {
        "date": "4Q21",
        "AutomotiveSalesRev": 15025,
        "AutomotiveRegulatoryCreditsRev": 314,
        "AutomotiveLeasingRev": 628,
        "TotalAutomotiveRevenueRev": 15967,
        "EnergyGenerationAndStorageRev": 688,
        "ServicesAndOtherRef": 1064,
        "TotalRevenues": 17719,
        "AutomotiveSalesCost": 10689,
        "AutomotiveLeasingCost": 396,
        "TotalAutomotiveCostOfRevenues": 11085,
        "EnergyGenerationAndStorageCost": 739,
        "ServicesAndOtherCost": 1048,
        "TotalCostOfRevenues": 12872,
        "GrossProfit": 4847,
        "ResearchAdnDevelopment": 740,
        "SG&A": 1494,
        "RestructuringAndOther": 0,
        "TotalOperatingExpense": 2234,
        "IncomeFromOperations": 2613,
        "InterestIncome": 25,
        "InterestExpense": -71,
        "OtherIncomeNet": 68,
        "IncomeBeforeIncomeTaxes": 2635,
        "ProvisionForIncomeTaxes": 292,
        "NetIncome": 2343,
        "NetIncomeAttributableToInterests": 22,
        "NetIncomeAttributableToCommonStockholders": 2321,
        "NetIncomePerShareBasic": 0.76,
        "NetIncomePerShareDiluted": 0.68,
        "WeightedAverageSharesBasic": 3044,
        "WeightedAverageSharesDiluted": 3406

    },
    {
        "date": "3Q21",
        "AutomotiveSalesRev": 11393,
        "AutomotiveRegulatoryCreditsRev": 279,
        "AutomotiveLeasingRev": 385,
        "TotalAutomotiveRevenueRev": 12057,
        "EnergyGenerationAndStorageRev": 806,
        "ServicesAndOtherRef": 894,
        "TotalRevenues": 13757,
        "AutomotiveSalesCost": 8150,
        "AutomotiveLeasingCost": 234,
        "TotalAutomotiveCostOfRevenues": 8394,
        "EnergyGenerationAndStorageCost": 803,
        "ServicesAndOtherCost": 910,
        "TotalCostOfRevenues": 10097,
        "GrossProfit": 3660,
        "ResearchAdnDevelopment": 611,
        "SG&A": 944,
        "RestructuringAndOther": 51,
        "TotalOperatingExpense": 1656,
        "IncomeFromOperations": 2004,
        "InterestIncome": 10,
        "InterestExpense": -126,
        "OtherIncomeNet": -6,
        "IncomeBeforeIncomeTaxes": 1882,
        "ProvisionForIncomeTaxes": 223,
        "NetIncome": 1659,
        "NetIncomeAttributableToInterests": 41,
        "NetIncomeAttributableToCommonStockholders": 1618,
        "NetIncomePerShareBasic": 0.54,
        "NetIncomePerShareDiluted": 0.48,
        "WeightedAverageSharesBasic": 2993,
        "WeightedAverageSharesDiluted": 3369

    },
    {
        "date": "2Q21",
        "AutomotiveSalesRev": 9874,
        "AutomotiveRegulatoryCreditsRev": 0,
        "AutomotiveLeasingRev": 332,
        "TotalAutomotiveRevenueRev": 10206,
        "EnergyGenerationAndStorageRev": 801,
        "ServicesAndOtherRef": 951,
        "TotalRevenues": 11958,
        "AutomotiveSalesCost": 7119,
        "AutomotiveLeasingCost": 188,
        "TotalAutomotiveCostOfRevenues": 7307,
        "EnergyGenerationAndStorageCost": 781,
        "ServicesAndOtherCost": 986,
        "TotalCostOfRevenues": 9074,
        "GrossProfit": 2884,
        "ResearchAdnDevelopment": 576,
        "SG&A": 973,
        "RestructuringAndOther": 23,
        "TotalOperatingExpense": 1572,
        "IncomeFromOperations": 1312,
        "InterestIncome": 11,
        "InterestExpense": -75,
        "OtherIncomeNet": 45,
        "IncomeBeforeIncomeTaxes": 1293,
        "ProvisionForIncomeTaxes": 115,
        "NetIncome": 1178,
        "NetIncomeAttributableToInterests": 36,
        "NetIncomeAttributableToCommonStockholders": 1142,
        "NetIncomePerShareBasic": 1.18,
        "NetIncomePerShareDiluted": 1.02,
        "WeightedAverageSharesBasic": 971,
        "WeightedAverageSharesDiluted": 1119

    },
    {
        "date": "1Q21",
        "AutomotiveSalesRev": 8705,
        "AutomotiveRegulatoryCreditsRev": 0,
        "AutomotiveLeasingRev": 297,
        "TotalAutomotiveRevenueRev": 9002,
        "EnergyGenerationAndStorageRev": 484,
        "ServicesAndOtherRef": 893,
        "TotalRevenues": 10389,
        "AutomotiveSalesCost": 6457,
        "AutomotiveLeasingCost": 160,
        "TotalAutomotiveCostOfRevenues": 6617,
        "EnergyGenerationAndStorageCost": 595,
        "ServicesAndOtherCost": 962,
        "TotalCostOfRevenues": 8174,
        "GrossProfit": 2215,
        "ResearchAdnDevelopment": 666,
        "SG&A": 1056,
        "RestructuringAndOther": -101,
        "TotalOperatingExpense": 1621,
        "IncomeFromOperations": 594,
        "InterestIncome": 10,
        "InterestExpense": -99,
        "OtherIncomeNet": 28,
        "IncomeBeforeIncomeTaxes": 533,
        "ProvisionForIncomeTaxes": 69,
        "NetIncome": 438,
        "NetIncomeAttributableToInterests": 0,
        "NetIncomeAttributableToCommonStockholders": 438,
        "NetIncomePerShareBasic": 0.46,
        "NetIncomePerShareDiluted": 0.39,
        "WeightedAverageSharesBasic": 961,
        "WeightedAverageSharesDiluted": 1133

    },
    {
        "date": "4Q20",
        "AutomotiveSalesRev": 9034,
        "AutomotiveRegulatoryCreditsRev": 0,
        "AutomotiveLeasingRev": 280,
        "TotalAutomotiveRevenueRev": 9314,
        "EnergyGenerationAndStorageRev": 752,
        "ServicesAndOtherRef": 678,
        "TotalRevenues": 10744,
        "AutomotiveSalesCost": 6922,
        "AutomotiveLeasingCost": 148,
        "TotalAutomotiveCostOfRevenues": 7070,
        "EnergyGenerationAndStorageCost": 787,
        "ServicesAndOtherCost": 821,
        "TotalCostOfRevenues": 8678,
        "GrossProfit": 2066,
        "ResearchAdnDevelopment": 522,
        "SG&A": 969,
        "RestructuringAndOther": 0,
        "TotalOperatingExpense": 1491,
        "IncomeFromOperations": 575,
        "InterestIncome": 6,
        "InterestExpense": -246,
        "OtherIncomeNet": 44,
        "IncomeBeforeIncomeTaxes": 379,
        "ProvisionForIncomeTaxes": 83,
        "NetIncome": 296,
        "NetIncomeAttributableToInterests": 26,
        "NetIncomeAttributableToCommonStockholders": 270,
        "NetIncomePerShareBasic": 0.28,
        "NetIncomePerShareDiluted": 0.24,
        "WeightedAverageSharesBasic": 951,
        "WeightedAverageSharesDiluted": 1124

    },
    {
        "date": "3Q20",
        "AutomotiveSalesRev": 7346,
        "AutomotiveRegulatoryCreditsRev": 0,
        "AutomotiveLeasingRev": 265,
        "TotalAutomotiveRevenueRev": 7611,
        "EnergyGenerationAndStorageRev": 579,
        "ServicesAndOtherRef": 581,
        "TotalRevenues": 8771,
        "AutomotiveSalesCost": 5361,
        "AutomotiveLeasingCost": 145,
        "TotalAutomotiveCostOfRevenues": 5506,
        "EnergyGenerationAndStorageCost": 558,
        "ServicesAndOtherCost": 644,
        "TotalCostOfRevenues": 6708,
        "GrossProfit": 2063,
        "ResearchAdnDevelopment": 366,
        "SG&A": 888,
        "RestructuringAndOther": 0,
        "TotalOperatingExpense": 1254,
        "IncomeFromOperations": 809,
        "InterestIncome": 6,
        "InterestExpense": -163,
        "OtherIncomeNet": -97,
        "IncomeBeforeIncomeTaxes": 555,
        "ProvisionForIncomeTaxes": 186,
        "NetIncome": 369,
        "NetIncomeAttributableToInterests": 38,
        "NetIncomeAttributableToCommonStockholders": 331,
        "NetIncomePerShareBasic": 0.32,
        "NetIncomePerShareDiluted": 0.27,
        "WeightedAverageSharesBasic": 937,
        "WeightedAverageSharesDiluted": 1105

    },
    {
        "date": "2Q20",
        "AutomotiveSalesRev": 4911,
        "AutomotiveRegulatoryCreditsRev": 0,
        "AutomotiveLeasingRev": 268,
        "TotalAutomotiveRevenueRev": 5179,
        "EnergyGenerationAndStorageRev": 370,
        "ServicesAndOtherRef": 487,
        "TotalRevenues": 6036,
        "AutomotiveSalesCost": 3714,
        "AutomotiveLeasingCost": 148,
        "TotalAutomotiveCostOfRevenues": 3862,
        "EnergyGenerationAndStorageCost": 349,
        "ServicesAndOtherCost": 558,
        "TotalCostOfRevenues": 4769,
        "GrossProfit": 1267,
        "ResearchAdnDevelopment": 279,
        "SG&A": 661,
        "RestructuringAndOther": 0,
        "TotalOperatingExpense": 940,
        "IncomeFromOperations": 327,
        "InterestIncome": 8,
        "InterestExpense": -170,
        "OtherIncomeNet": -15,
        "IncomeBeforeIncomeTaxes": 150,
        "ProvisionForIncomeTaxes": 21,
        "NetIncome": 129,
        "NetIncomeAttributableToInterests": 25,
        "NetIncomeAttributableToCommonStockholders": 104,
        "NetIncomePerShareBasic": 0.11,
        "NetIncomePerShareDiluted": 0.10,
        "WeightedAverageSharesBasic": 928,
        "WeightedAverageSharesDiluted": 1036

    },
    {
        "date": "1Q20",
        "AutomotiveSalesRev": 4893,
        "AutomotiveRegulatoryCreditsRev": 0,
        "AutomotiveLeasingRev": 239,
        "TotalAutomotiveRevenueRev": 5132,
        "EnergyGenerationAndStorageRev": 293,
        "ServicesAndOtherRef": 560,
        "TotalRevenues": 5985,
        "AutomotiveSalesCost": 3699,
        "AutomotiveLeasingCost": 122,
        "TotalAutomotiveCostOfRevenues": 3821,
        "EnergyGenerationAndStorageCost": 282,
        "ServicesAndOtherCost": 648,
        "TotalCostOfRevenues": 4751,
        "GrossProfit": 1234,
        "ResearchAdnDevelopment": 324,
        "SG&A": 627,
        "RestructuringAndOther": 0,
        "TotalOperatingExpense": 951,
        "IncomeFromOperations": 283,
        "InterestIncome": 10,
        "InterestExpense": -169,
        "OtherIncomeNet": -54,
        "IncomeBeforeIncomeTaxes": 70,
        "ProvisionForIncomeTaxes": 2,
        "NetIncome": 68,
        "NetIncomeAttributableToInterests": 52,
        "NetIncomeAttributableToCommonStockholders": 16,
        "NetIncomePerShareBasic": 0.09,
        "NetIncomePerShareDiluted": 0.08,
        "WeightedAverageSharesBasic": 183,
        "WeightedAverageSharesDiluted": 199

    },
    {
        "date": "4Q19",
        "AutomotiveSalesRev": 6143,
        "AutomotiveRegulatoryCreditsRev": 0,
        "AutomotiveLeasingRev": 225,
        "TotalAutomotiveRevenueRev": 6368,
        "EnergyGenerationAndStorageRev": 402,
        "ServicesAndOtherRef": 580,
        "TotalRevenues": 7384,
        "AutomotiveSalesCost": 4815,
        "AutomotiveLeasingCost": 119,
        "TotalAutomotiveCostOfRevenues": 4934,
        "EnergyGenerationAndStorageCost": 385,
        "ServicesAndOtherCost": 674,
        "TotalCostOfRevenues": 5993,
        "GrossProfit": 1391,
        "ResearchAdnDevelopment": 345,
        "SG&A": 699,
        "RestructuringAndOther": -12,
        "TotalOperatingExpense": 1032,
        "IncomeFromOperations": 359,
        "InterestIncome": 10,
        "InterestExpense": -170,
        "OtherIncomeNet": -25,
        "IncomeBeforeIncomeTaxes": 174,
        "ProvisionForIncomeTaxes": 42,
        "NetIncome": 132,
        "NetIncomeAttributableToInterests": 27,
        "NetIncomeAttributableToCommonStockholders": 105,
        "NetIncomePerShareBasic": 0.58,
        "NetIncomePerShareDiluted": 0.56,
        "WeightedAverageSharesBasic": 180,
        "WeightedAverageSharesDiluted": 187

    },
    {
        "date": "3Q19",
        "AutomotiveSalesRev": 5132,
        "AutomotiveRegulatoryCreditsRev": 0,
        "AutomotiveLeasingRev": 221,
        "TotalAutomotiveRevenueRev": 5353,
        "EnergyGenerationAndStorageRev": 402,
        "ServicesAndOtherRef": 548,
        "TotalRevenues": 6303,
        "AutomotiveSalesCost": 4014,
        "AutomotiveLeasingCost": 117,
        "TotalAutomotiveCostOfRevenues": 4131,
        "EnergyGenerationAndStorageCost": 314,
        "ServicesAndOtherCost": 667,
        "TotalCostOfRevenues": 5112,
        "GrossProfit": 1191,
        "ResearchAdnDevelopment": 334,
        "SG&A": 596,
        "RestructuringAndOther": 0,
        "TotalOperatingExpense": 930,
        "IncomeFromOperations": 261,
        "InterestIncome": 15,
        "InterestExpense": -185,
        "OtherIncomeNet": 85,
        "IncomeBeforeIncomeTaxes": 176,
        "ProvisionForIncomeTaxes": 26,
        "NetIncome": 150,
        "NetIncomeAttributableToInterests": 7,
        "NetIncomeAttributableToCommonStockholders": 143,
        "NetIncomePerShareBasic": 0.80,
        "NetIncomePerShareDiluted": 0.78,
        "WeightedAverageSharesBasic": 179,
        "WeightedAverageSharesDiluted": 184

    },
    {
        "date": "2Q19",
        "AutomotiveSalesRev": 5168,
        "AutomotiveRegulatoryCreditsRev": 0,
        "AutomotiveLeasingRev": 208,
        "TotalAutomotiveRevenueRev": 5376,
        "EnergyGenerationAndStorageRev": 369,
        "ServicesAndOtherRef": 605,
        "TotalRevenues": 6350,
        "AutomotiveSalesCost": 4254,
        "AutomotiveLeasingCost": 106,
        "TotalAutomotiveCostOfRevenues": 4360,
        "EnergyGenerationAndStorageCost": 326,
        "ServicesAndOtherCost": 743,
        "TotalCostOfRevenues": 5429,
        "GrossProfit": 921,
        "ResearchAdnDevelopment": 324,
        "SG&A": 647,
        "RestructuringAndOther": 117,
        "TotalOperatingExpense": 1088,
        "IncomeFromOperations": -167,
        "InterestIncome": 10,
        "InterestExpense": -172,
        "OtherIncomeNet": -41,
        "IncomeBeforeIncomeTaxes": -370,
        "ProvisionForIncomeTaxes": 19,
        "NetIncome": -389,
        "NetIncomeAttributableToInterests": 19,
        "NetIncomeAttributableToCommonStockholders": -408,
        "NetIncomePerShareBasic": -2.31,
        "NetIncomePerShareDiluted": -2.31,
        "WeightedAverageSharesBasic": 177,
        "WeightedAverageSharesDiluted": 177

    },
    {
        "date": "1Q19",
        "AutomotiveSalesRev": 3509,
        "AutomotiveRegulatoryCreditsRev": 0,
        "AutomotiveLeasingRev": 215,
        "TotalAutomotiveRevenueRev": 3724,
        "EnergyGenerationAndStorageRev": 324,
        "ServicesAndOtherRef": 493,
        "TotalRevenues": 4541,
        "AutomotiveSalesCost": 2856,
        "AutomotiveLeasingCost": 117,
        "TotalAutomotiveCostOfRevenues": 2973,
        "EnergyGenerationAndStorageCost": 316,
        "ServicesAndOtherCost": 686,
        "TotalCostOfRevenues": 3975,
        "GrossProfit": 566,
        "ResearchAdnDevelopment": 340,
        "SG&A": 704,
        "RestructuringAndOther": 44,
        "TotalOperatingExpense": 1088,
        "IncomeFromOperations": -522,
        "InterestIncome": 9,
        "InterestExpense": -158,
        "OtherIncomeNet": 26,
        "IncomeBeforeIncomeTaxes": -645,
        "ProvisionForIncomeTaxes": 23,
        "NetIncome": -668,
        "NetIncomeAttributableToInterests": 34,
        "NetIncomeAttributableToCommonStockholders": -702,
        "NetIncomePerShareBasic": -4.10,
        "NetIncomePerShareDiluted": -4.10,
        "WeightedAverageSharesBasic": 173,
        "WeightedAverageSharesDiluted": 173

    }
]